@ARTICLE{quinlan:induction,
	AUTHOR = "J. R. Quinlan",
	TITLE = "Induction of Decision Trees",
	JOURNAL = "Machine Learning",
	YEAR = {1985}	}

@ARTICLE{fan:rdt,
	AUTHOR = "Wei Fan",
	TITLE = "Is random model better? On its accuracy and efficiency",
	JOURNAL = "Third IEEE International Conference on Data Mining",
	YEAR = {2003}	}

@ARTICLE{moore:dtree,
	AUTHOR = "Andrew Moore",
	TITLE = "Decision Tree",
	JOURNAL = "Carneige Mellon University",
	YEAR = {2004}   }
